<?xml version="1.0" encoding="UTF-8"?><collection xmlns="http://www.loc.gov/MARC21/slim"><record><leader>00407nam--2200121-i-4500</leader><controlfield tag="001">000019366</controlfield><controlfield tag="002">20161230</controlfield><controlfield tag="005">20161230201033</controlfield><controlfield tag="008">060222s1000------------r-----000-0-eng-d</controlfield><datafield ind1=" " ind2=" " tag="080"><subfield code="a">378:061.3</subfield></datafield><datafield ind1=" " ind2=" " tag="245"><subfield code="a">Conference sur les politiques d expansion de l enseignement.paris, 3-5 juin 1970.raport general.politiques d enseignement pour la decennie 1970/1980</subfield></datafield><datafield ind1=" " ind2=" " tag="260"><subfield code="a">Paris, O.C.D.E., 1971. 177 P</subfield></datafield><datafield ind1=" " ind2=" " tag="852"><subfield code="a">36424</subfield></datafield></record></collection>